<?xml version="1.0" encoding="UTF-8"?><record xmlns="http://www.loc.gov/MARC21/slim" xmlns:cinclude="http://apache.org/cocoon/include/1.0" xmlns:zs="http://www.loc.gov/zing/srw/">
  <leader>00547nz  a2200145n  4500</leader>
  <controlfield tag="001">no2010155228</controlfield>
  <controlfield tag="003">DLC</controlfield>
  <controlfield tag="005">20100925075219.0</controlfield>
  <controlfield tag="008">100923n| acannaabn          |a ana      </controlfield>
  <datafield tag="010" ind1=" " ind2=" ">
    <subfield code="a">no2010155228</subfield>
  </datafield>
  <datafield tag="035" ind1=" " ind2=" ">
    <subfield code="a">(OCoLC)oca08634800</subfield>
  </datafield>
  <datafield tag="040" ind1=" " ind2=" ">
    <subfield code="a">DLC-S</subfield>
    <subfield code="b">eng</subfield>
    <subfield code="c">DLC-S</subfield>
  </datafield>
  <datafield tag="110" ind1="1" ind2=" ">
    <subfield code="a">Belo Horizonte (Brazil).</subfield>
    <subfield code="b">Procuradoria-Geral do Munici패pio</subfield>
  </datafield>
  <datafield tag="410" ind1="2" ind2=" ">
    <subfield code="a">Procuradoria-Geral do Munici패pio de Belo Horizonte</subfield>
  </datafield>
  <datafield tag="670" ind1=" " ind2=" ">
    <subfield code="a">Revista da Procuradoria-Geral do Munici패pio de Belo Horizonte, jan./jun. 2009:</subfield>
    <subfield code="b">t.p. (Procuradoria-Geral do Munici패pio de Belo Horizonte)</subfield>
  </datafield>
</record>